%%%%%%%%%%%%%%%%%%%%%%%%
% Motivation
%
%%%%%%%%%%%%%%%%%%%%%%%%
% Window management and stream processing
%
@article{cugola2012processing,
  title={Processing flows of information: From data stream to complex event processing},
  author={Cugola, Gianpaolo and Margara, Alessandro},
  journal={ACM Computing Surveys (CSUR)},
  volume={44},
  number={3},
  pages={1--62},
  year={2012},
  publisher={ACM New York, NY, USA}
}
%
@article{verwiebe2023survey,
  title={Survey of window types for aggregation in stream processing systems},
  author={Verwiebe, Juliane and Grulich, Philipp M and Traub, Jonas and Markl, Volker},
  journal={The VLDB Journal},
  volume={32},
  number={5},
  pages={985--1011},
  year={2023},
  publisher={Springer}
}
%%%%%%%%%%%%%%%%%%%%%%%%
% Experiment design
%
@article{nkemnole2021hidden,
  title={Hidden Markov Model using transaction patterns for ATM card fraud detection.},
  author={Nkemnole, EB and Akinsete, AA},
  journal={Theoretical \& Applied Economics},
  volume={28},
  number={4},
  year={2021}
}
%
@article{el2023estimation,
  title={Estimation of Log-Pearson Type III Distribution Using Percentile Roots: ATM Transactions Over 24 Years in Saudi Arabia as a Case Study},
  author={El Genidy, Mohammed and Megahed, Wesal and Mahfouz, Khaled},
  journal={Alfarama Journal of Basic \& Applied Sciences},
  volume={4},
  number={3},
  pages={485--494},
  year={2023},
  publisher={Port Said University, Faculty of Sciences}
}
%
%@url{atm-arabiasaudi,
%    url={https://datasource.kapsarc.org/explore/dataset/atm-stats/information/}
%    url={https://data.kapsarc.org/}
%}
%
%%%%%%%%%%%%%%%%%%%%%%%%
% Dynamic Pipeline
%
% etc., etc. ...