@article{angles2008survey,
  title={Survey of graph database models},
  author={Angles, Renzo and Gutierrez, Claudio},
  journal={ACM Computing Surveys (CSUR)},
  volume={40},
  number={1},
  pages={1--39},
  year={2008},
  publisher={ACM New York, NY, USA}
}
%
@inproceedings{kumar2015graph,
  title={Graph databases: A survey},
  author={Kumar Kaliyar, Rohit},
  booktitle={International Conference on Computing, Communication \& Automation},
  pages={785--790},
  year={2015},
  organization={IEEE}
}
%
@inproceedings{angles2018property,
  title={The Property Graph Database Model},
  author={Angles, Renzo},
  booktitle={CEUR Workshop Proceedings, CEUR-WS.org (AMW2018)},
  volume={2100},
  year={2018},
  url= {https://ceur-ws.org/Vol-2100/paper26.pdf},
 lastaccessed = {August 5, 2024}
}
%
